@book{smullyan1995,
  title={First-order Logic},
  author={Smullyan, Raymond M.},
  isbn={9780486683706},
  series={Dover books on advanced mathematics},
  year={1995},
  note={Revised version from the 1968 original},
  publisher={Dover}
}
@book{Smu2009,
  author         = {Smullyan, Raymond M.},
  editor         = {},
  publisher      = {Editora da Unesp},
  title          = {Lógica de Primeira Ordem},
  year           = {2009},
  isbn           = {9788571395206},
  note           = {Vesão em português}
}

@misc{Lira2020,
  author       = {Lira, Thiago Ildeu Albuquerque},
  howpublished = {Dissertação de Mestrado em Ciência da Computação, Instituto de Matemática e Estatística, Universidade de São Paulo},
  title        = {Modelos neurais para regressão de séries temporais},
  year         = {2020},
  note         = {doi:10.11606/D.45.2020.tde-10122020-165920}
}

